% Encoding: UTF-8

@InProceedings{Winkler,
  author    = {V. Winkler},
  title     = {Range Doppler detection for automotive FMCW radars},
  booktitle = {2007 European Radar Conference},
  year      = {2007},
  pages     = {166-169},
  month     = {Oct},
  doi       = {10.1109/EURAD.2007.4404963},
  keywords  = {CW radar;FM radar;fast Fourier transforms;radar signal processing;road vehicle radar;signal detection;A/D-converters;Doppler frequency;IF-hardware;SiGe;SiGe-Radar-Chipset;automotive FMCW radars;automotive radar systems;constant false alarm rate-algorithm;difference frequency;fast Fourier transform;frequency 200 Hz;frequency 24 GHz;linear frequency ramp;radar-frontend;range Doppler detection;range frequency;received signal;signal processing step;target detection;transmit signal;transmitted signal;Automotive engineering;Bandwidth;Data mining;Doppler radar;Fast Fourier transforms;Flexible printed circuits;Frequency;Radar detection;Signal generators;Signal processing algorithms},
}

@Comment{jabref-meta: databaseType:bibtex;}
